<?xml version="1.0" encoding="UTF-8"?><collection xmlns="http://www.loc.gov/MARC21/slim"><record><leader>00428nam--2200169-i-4500</leader><controlfield tag="001">000036985</controlfield><controlfield tag="002">20161230</controlfield><controlfield tag="005">20170127150122</controlfield><controlfield tag="008">060222s1000------------r-----000-0-eng-d</controlfield><datafield ind1=" " ind2=" " tag="080"><subfield code="a">001.5/8</subfield></datafield><datafield ind1=" " ind2=" " tag="100"><subfield code="a">Prigogine, Ilya</subfield></datafield><datafield ind1=" " ind2=" " tag="245"><subfield code="a">La nouvelle alliance. Methamorphose de la science</subfield></datafield><datafield ind1=" " ind2=" " tag="260"><subfield code="a">/Paris</subfield><subfield code="b">Gallimard</subfield><subfield code="c">1979</subfield></datafield><datafield ind1=" " ind2=" " tag="300"><subfield code="a">302 p</subfield></datafield><datafield ind1=" " ind2=" " tag="700"><subfield code="a">Stengers, Isabelle</subfield></datafield><datafield ind1=" " ind2=" " tag="852"><subfield code="a">49466</subfield></datafield><datafield ind1=" " ind2=" " tag="CAT"><subfield code="a">SYS</subfield><subfield code="c">20170127</subfield><subfield code="h">150122</subfield></datafield></record></collection>